<records xmlns="http://www.openarchives.org/OAI/2.0/">
<record>
  <header>
    <identifier>oai:mst.rochester.edu:marcnormalization/144</identifier>
    <datestamp />
    <predecessors>
      <predecessor>oai:mst.rochester.edu:146</predecessor>
    </predecessors>
    <setSpec>MARCXML Bibliographic Records</setSpec>
    <status>deleted</status>
  </header>
  <metadata>
    <marc:record xmlns:marc="http://www.loc.gov/MARC21/slim" xmlns:xsi="http://www.w3.org/2001/XMLSchema-instance" xsi:schemaLocation="http://www.loc.gov/MARC21/slim http://www.loc.gov/standards/marcxml/schema/MARC21slim.xsd">
      <marc:leader>02072cas a2200457 a 45e0</marc:leader>
      <marc:controlfield tag="001">481</marc:controlfield>
      <marc:controlfield tag="003">NRU</marc:controlfield>
      <marc:controlfield tag="005">20081203134004.0</marc:controlfield>
      <marc:controlfield tag="008">750921c18839999mauwn1p       0   a0eng d</marc:controlfield>
      <marc:datafield ind1=" " ind2=" " tag="010">
        <marc:subfield code="a">17024346 //r862</marc:subfield>
      </marc:datafield>
      <marc:datafield ind1=" " ind2=" " tag="035">
        <marc:subfield code="a">(OCoLC)1644869</marc:subfield>
      </marc:datafield>
      <marc:datafield ind1=" " ind2=" " tag="040">
        <marc:subfield code="a">MUL</marc:subfield>
        <marc:subfield code="c">MUL</marc:subfield>
        <marc:subfield code="d">COO</marc:subfield>
        <marc:subfield code="d">NSD</marc:subfield>
        <marc:subfield code="d">DLC</marc:subfield>
        <marc:subfield code="d">IUL</marc:subfield>
        <marc:subfield code="d">DLC</marc:subfield>
        <marc:subfield code="d">NST</marc:subfield>
        <marc:subfield code="d">NSD</marc:subfield>
        <marc:subfield code="d">SER</marc:subfield>
        <marc:subfield code="d">RCS</marc:subfield>
        <marc:subfield code="d">AIP</marc:subfield>
        <marc:subfield code="d">HUL</marc:subfield>
        <marc:subfield code="d">OCL</marc:subfield>
        <marc:subfield code="d">DLC</marc:subfield>
        <marc:subfield code="d">NSD</marc:subfield>
        <marc:subfield code="d">IUL</marc:subfield>
        <marc:subfield code="d">AIP</marc:subfield>
        <marc:subfield code="d">DLC</marc:subfield>
        <marc:subfield code="d">HUL</marc:subfield>
        <marc:subfield code="d">OCL</marc:subfield>
        <marc:subfield code="d">NST</marc:subfield>
        <marc:subfield code="d">HUL</marc:subfield>
        <marc:subfield code="d">NST</marc:subfield>
        <marc:subfield code="d">NYG</marc:subfield>
        <marc:subfield code="d">NSD</marc:subfield>
        <marc:subfield code="d">HUL</marc:subfield>
        <marc:subfield code="d">NSD</marc:subfield>
        <marc:subfield code="d">NST</marc:subfield>
        <marc:subfield code="d">OCL</marc:subfield>
        <marc:subfield code="d">AGL</marc:subfield>
        <marc:subfield code="d">NSD</marc:subfield>
        <marc:subfield code="d">OCL</marc:subfield>
        <marc:subfield code="d">NST</marc:subfield>
        <marc:subfield code="d">NSD</marc:subfield>
        <marc:subfield code="d">GUA</marc:subfield>
      </marc:datafield>
      <marc:datafield ind1=" " ind2=" " tag="019">
        <marc:subfield code="a">1242075</marc:subfield>
      </marc:datafield>
      <marc:datafield ind1="0" ind2=" " tag="022">
        <marc:subfield code="a">0036-8075</marc:subfield>
        <marc:subfield code="y">003-8076</marc:subfield>
      </marc:datafield>
      <marc:datafield ind1=" " ind2=" " tag="030">
        <marc:subfield code="a">SCIEAS</marc:subfield>
      </marc:datafield>
      <marc:datafield ind1=" " ind2=" " tag="032">
        <marc:subfield code="a">484460</marc:subfield>
        <marc:subfield code="b">USPS</marc:subfield>
      </marc:datafield>
      <marc:datafield ind1=" " ind2=" " tag="042">
        <marc:subfield code="a">nsdp</marc:subfield>
        <marc:subfield code="a">lc</marc:subfield>
      </marc:datafield>
      <marc:datafield ind1="0" ind2="0" tag="050">
        <marc:subfield code="a">Q1</marc:subfield>
        <marc:subfield code="b">.S35</marc:subfield>
      </marc:datafield>
      <marc:datafield ind1=" " ind2=" " tag="090">
        <marc:subfield code="a">Q1</marc:subfield>
        <marc:subfield code="b">.S391</marc:subfield>
      </marc:datafield>
      <marc:datafield ind1=" " ind2=" " tag="099">
        <marc:subfield code="a">Serial</marc:subfield>
      </marc:datafield>
      <marc:datafield ind1=" " ind2=" " tag="049">
        <marc:subfield code="a">RRRR</marc:subfield>
      </marc:datafield>
      <marc:datafield ind1="0" ind2=" " tag="130">
        <marc:subfield code="a">Science (Weekly)</marc:subfield>
      </marc:datafield>
      <marc:datafield ind1="0" ind2=" " tag="210">
        <marc:subfield code="a">Science</marc:subfield>
        <marc:subfield code="b">(Wash. D.C.)</marc:subfield>
      </marc:datafield>
      <marc:datafield ind1=" " ind2="0" tag="222">
        <marc:subfield code="a">Science</marc:subfield>
        <marc:subfield code="b">(Washington, D.C.)</marc:subfield>
      </marc:datafield>
      <marc:datafield ind1="0" ind2="0" tag="245">
        <marc:subfield code="a">Science.</marc:subfield>
      </marc:datafield>
      <marc:datafield ind1=" " ind2=" " tag="260">
        <marc:subfield code="a">Cambridge, Mass. :</marc:subfield>
        <marc:subfield code="b">Moses King,</marc:subfield>
        <marc:subfield code="c">[1883-</marc:subfield>
      </marc:datafield>
      <marc:datafield ind1=" " ind2=" " tag="300">
        <marc:subfield code="a">v. :</marc:subfield>
        <marc:subfield code="b">ill. ;</marc:subfield>
        <marc:subfield code="c">26-32 cm.</marc:subfield>
      </marc:datafield>
      <marc:datafield ind1=" " ind2=" " tag="310">
        <marc:subfield code="a">Weekly (except last week in Dec.)</marc:subfield>
      </marc:datafield>
      <marc:datafield ind1="0" ind2=" " tag="362">
        <marc:subfield code="a">[Vol. 1], no. 1 (Feb. 9, 1883)-v. 23, no. 581 (Mar. 23, 1894); n.s., v. 1, no. 1 (Jan. 4, 1895)-</marc:subfield>
      </marc:datafield>
      <marc:datafield ind1=" " ind2=" " tag="500">
        <marc:subfield code="a">Title from caption.</marc:subfield>
      </marc:datafield>
      <marc:datafield ind1=" " ind2=" " tag="500">
        <marc:subfield code="a">Published: Washington, D.C. : American Association for the Advancement of Science, 1992-</marc:subfield>
      </marc:datafield>
      <marc:datafield ind1=" " ind2=" " tag="520">
        <marc:subfield code="a">Since Jan. 1901 the official proceedings and most of the papers of the American Association for the Advancement of Science have been included in Science.</marc:subfield>
      </marc:datafield>
      <marc:datafield ind1=" " ind2=" " tag="580">
        <marc:subfield code="a">Vols. for 1911-1913 contain: the Proceedings of the Helminthological Society of Washington, 1st-15th meeting.</marc:subfield>
      </marc:datafield>
      <marc:datafield ind1=" " ind2="0" tag="650">
        <marc:subfield code="a">Science</marc:subfield>
        <marc:subfield code="x">Periodicals.</marc:subfield>
      </marc:datafield>
      <marc:datafield ind1=" " ind2="2" tag="650">
        <marc:subfield code="a">Science</marc:subfield>
        <marc:subfield code="v">Periodicals.</marc:subfield>
      </marc:datafield>
      <marc:datafield ind1="2" ind2=" " tag="710">
        <marc:subfield code="a">American Association for the Advancement of Science.</marc:subfield>
      </marc:datafield>
      <marc:datafield ind1="0" ind2=" " tag="770">
        <marc:subfield code="t">AAAS observer</marc:subfield>
        <marc:subfield code="x">1043-6936</marc:subfield>
        <marc:subfield code="w">(DLC)sn 88019924</marc:subfield>
        <marc:subfield code="w">(OCoLC)18455932</marc:subfield>
      </marc:datafield>
      <marc:datafield ind1="1" ind2=" " tag="776">
        <marc:subfield code="t">Science magazine</marc:subfield>
        <marc:subfield code="w">(DLC)sn 96036234</marc:subfield>
        <marc:subfield code="w">(OCoLC)34298537</marc:subfield>
      </marc:datafield>
      <marc:datafield ind1="1" ind2=" " tag="777">
        <marc:subfield code="a">Helminthological Society of Washington.</marc:subfield>
        <marc:subfield code="t">Proceedings of the Helminthological Society of Washington</marc:subfield>
        <marc:subfield code="x">0018-0130</marc:subfield>
        <marc:subfield code="w">(DLC)   6532051</marc:subfield>
        <marc:subfield code="w">(OCoLC)1604661</marc:subfield>
      </marc:datafield>
      <marc:datafield ind1="0" ind2="0" tag="780">
        <marc:subfield code="t">Science</marc:subfield>
        <marc:subfield code="x">0036-8075</marc:subfield>
        <marc:subfield code="w">(DLC)   02027780</marc:subfield>
        <marc:subfield code="w">(OCoLC)2948546</marc:subfield>
      </marc:datafield>
      <marc:datafield ind1="0" ind2="5" tag="780">
        <marc:subfield code="t">Scientific monthly</marc:subfield>
        <marc:subfield code="x">0096-3771</marc:subfield>
        <marc:subfield code="w">(DLC)16010072</marc:subfield>
        <marc:subfield code="w">(OCoLC)1765233</marc:subfield>
        <marc:subfield code="g">Jan. 1958</marc:subfield>
      </marc:datafield>
      <marc:datafield tag="931" ind1=" " ind2=" ">
        <marc:subfield code="a">Text</marc:subfield>
        <marc:subfield code="5">NRU</marc:subfield>
      </marc:datafield>
      <marc:datafield tag="932" ind1=" " ind2=" ">
        <marc:subfield code="a">Language material</marc:subfield>
        <marc:subfield code="5">NRU</marc:subfield>
      </marc:datafield>
      <marc:datafield tag="933" ind1=" " ind2=" ">
        <marc:subfield code="a">Text</marc:subfield>
        <marc:subfield code="5">NRU</marc:subfield>
      </marc:datafield>
      <marc:datafield tag="935" ind1=" " ind2=" ">
        <marc:subfield code="a">Serial</marc:subfield>
        <marc:subfield code="5">NRU</marc:subfield>
      </marc:datafield>
      <marc:datafield tag="035" ind1=" " ind2=" ">
        <marc:subfield code="a">(NRU)481</marc:subfield>
      </marc:datafield>
      <marc:datafield tag="937" ind1=" " ind2=" ">
        <marc:subfield code="a">Non-Fiction</marc:subfield>
        <marc:subfield code="5">NRU</marc:subfield>
      </marc:datafield>
      <marc:datafield tag="939" ind1=" " ind2=" ">
        <marc:subfield code="a">1883-</marc:subfield>
        <marc:subfield code="5">NRU</marc:subfield>
      </marc:datafield>
      <marc:datafield tag="941" ind1=" " ind2=" ">
        <marc:subfield code="a">eng</marc:subfield>
        <marc:subfield code="5">NRU</marc:subfield>
      </marc:datafield>
      <marc:datafield tag="943" ind1=" " ind2=" ">
        <marc:subfield code="a">English</marc:subfield>
        <marc:subfield code="5">NRU</marc:subfield>
      </marc:datafield>
      <marc:datafield tag="965" ind1=" " ind2="0">
        <marc:subfield code="a">Science</marc:subfield>
        <marc:subfield code="5">NRU</marc:subfield>
      </marc:datafield>
      <marc:datafield tag="965" ind1=" " ind2="2">
        <marc:subfield code="a">Science</marc:subfield>
        <marc:subfield code="5">NRU</marc:subfield>
      </marc:datafield>
      <marc:datafield tag="965" ind1=" " ind2="0">
        <marc:subfield code="x">Periodicals.</marc:subfield>
        <marc:subfield code="5">NRU</marc:subfield>
      </marc:datafield>
      <marc:datafield tag="969" ind1=" " ind2="2">
        <marc:subfield code="v">Periodicals.</marc:subfield>
        <marc:subfield code="5">NRU</marc:subfield>
      </marc:datafield>
    </marc:record>
  </metadata>
</record>
</records>
